<?xml version="1.0" encoding="UTF-8"?><collection xmlns="http://www.loc.gov/MARC21/slim"><record><leader>00465nam--2200169-i-4500</leader><controlfield tag="001">000040184</controlfield><controlfield tag="002">20161230</controlfield><controlfield tag="005">20161230201042</controlfield><controlfield tag="008">060222s1000------------r-----000-0-eng-d</controlfield><datafield ind1=" " ind2=" " tag="040"><subfield code="a">IFIN-HH</subfield></datafield><datafield ind1=" " ind2=" " tag="080"><subfield code="a">539.171.6:539.125.4</subfield></datafield><datafield ind1="1" ind2=" " tag="100"><subfield code="a">Sallstrom,Pehr</subfield></datafield><datafield ind1="1" ind2="0" tag="245"><subfield code="a">Collisions between positive k-mesons and protons at 3gev/c</subfield><subfield code="c">Pehr sallstrom</subfield></datafield><datafield ind1=" " ind2=" " tag="260"><subfield code="a">Stockholm</subfield><subfield code="b">Universitet</subfield><subfield code="c">1968</subfield></datafield><datafield ind1=" " ind2=" " tag="300"><subfield code="a">10 P</subfield></datafield><datafield ind1=" " ind2=" " tag="852"><subfield code="a">34137</subfield><subfield code="c">539.17</subfield></datafield><datafield ind1=" " ind2=" " tag="CAT"><subfield code="a">Sys</subfield><subfield code="c">20120607</subfield><subfield code="h">103010</subfield></datafield></record></collection>